

@manual{biblatex,
author = {Philipp Lehman},
title = {The biblatex Package},
year = {2011},
url = {http://mirrors.ctan.org/macros/latex/contrib/biblatex/doc/biblatex.pdf},
location = {CTAN},
version={1.5a}
}


@manual{todonotes,
author = {Henrik Skov Midtiby},
title = {The todonotes Package},
year = {2011},
url = {http://mirrors.ctan.org/macros/latex/contrib/todonotes/todonotes.pdf},
location = {CTAN}
}

@manual{booktabs,
author = {Simon Fear},
title = {Publication quality tables in \LaTeX},
year = {2005},
url = {http://mirrors.ctan.org/macros/latex/contrib/booktabs/booktabs.pdf},
location = {CTAN}
}

@manual{subfig,
author = {Steven Douglas Cochran},
title = {Publication quality tables in \LaTeX},
year = {2005},
url = {http://mirrors.ctan.org/macros/latex/contrib/subfig/subfig.pdf},
location = {CTAN}
}

@manual{wrapfig,
author = {Donald Arseneau},
title = {The wrapfig package},
year = {2011},
url = {http://mirrors.ctan.org/macros/latex/contrib/wrapfig/wrapfig-doc.pdf},
location = {CTAN}
}

@manual{paralist,
author = {Bernd Schandl},
title = {paralist -- Extended List Environments},
year = {2005},
url = {http://mirrors.ctan.org/macros/latex/contrib/paralist/paralist.pdf},
location = {CTAN}
}

@manual{prettyref,
author = {Kevin Ruland},
title = {Improved reference formatting for \LaTeX2e},
year = {2008},
url = {http://mirrors.ctan.org/macros/latex/contrib/prettyref/prettyref.pdf},
location = {CTAN}
}

@manual{longtable,
author = {David Carlisle},
title = {The longtable package},
year = {2004},
url = {http://sunsite.informatik.rwth-aachen.de/ftp/pub/mirror/ctan/macros/latex/required/tools/longtable.pdf},
location = {CTAN}
}

@manual{pdfpages,
author = {Andreas Matthias},
title = {The pdfpages Package},
year = {2011},
url = {http://mirrors.ctan.org/macros/latex/contrib/pdfpages/pdfpages.pdf},
location = {CTAN}
}

@manual{csquotes,
author = {Philipp Lehman},
title = {The csquotes Package},
year = {2011},
url = {http://mirrors.ctan.org/macros/latex/contrib/csquotes/csquotes.pdf},
location = {CTAN}
}

@manual{listings,
author = {Carsten Heinz and Brooks Moses},
title = {The Listings Package},
year = {2007},
url = {http://mirrors.ctan.org/macros/macros/latex/contrib/listings/listings.pdf},
location = {CTAN}
}

@manual{nomencl,
author = {Boris Veytsman and Bernd Schandl and Lee Netherton and CV Radhakrishnan},
title = {nomencl -- A Package to Create a Nomenclature},
year = {2005},
url = {http://mirrors.ctan.org/macros/macros/latex/contrib/nomencl/nomencl.pdf},
location = {CTAN}
}

@manual{makeidx,
author = {Leslie Lamport},
title = {MakeIndex: An Index Processor For \LaTeX},
year = {1987},
url = {http://www.tex.ac.uk/tex-archive/indexing/makeindex/doc/makeindex.pdf},
location = {CTAN}
}


@manual{glossaries,
author = {Nicola L.C. Talbot},
title = {Documented Code For glossaries},
year = {2011},
url = {http://mirrors.ctan.org/macros/macros/latex/contrib/glossaries/glossaries.pdf},
location = {CTAN},
Version = {3.01}
}



@manual{titlesec,
author = {Javier Bezos},
title = {The titlesec and titletoc Packages},
year = {2007},
url = {http://mirrors.ctan.org/macros/macros/latex/contrib/titlesec/titlesec.pdf},
location = {CTAN}
}


@manual{footmisc,
author = {Robin Fairbains},
title = {footmisc -- a portmanteau package for customising footnotes in \LaTeX},
year = {2011},
url = {http://mirrors.ctan.org/macros/macros/latex/contrib/footmisc/footmisc.pdf},
location = {CTAN}
}

@manual{hyperref,
author = {Sebastian Rahtz and Heiko Oberdiek},
title = {Hypertext marks in \LaTeX},
year = {2011},
url = {http://mirrors.ctan.org/macros/macros/latex/contrib/hyperref/hyperref.pdf},
location = {CTAN}
}

@manual{koma,
author = {Markus Kohm and Jens-Uwe Morawski},
title = {{KOMA}-Script},
year = {2011},
url = {http://mirrors.ctan.org/macros/macros/latex/contrib/koma-script/scrguide.pdf},
location = {CTAN}
}

@book{komabuch,
author = {Markus Kohm and Jens-Uwe Morawski},
title = {{KOMA}-Script},
year = {2008},
publisher ={Lehmanns},
edition={3}
}


@manual{svnmulti,
author = {Martin Scharrer},
title = {The svn-multi Package},
year = {2011},
url = {http://www.ctan.org/tex-archive/macros/latex/contrib/svn-multi/svn-multi.pdf},
location = {CTAN}
}

@article{ziegenhagen:svn,
author = {Uwe Ziegenhagen},
title = {Dokumentenmanagement mit LATEX und Subversion},
year = {2008},
journal={Die TeXnische Komödie},
url = {http://mirrors.ctan.org/macros/latex/contrib/todonotes/todonotes.pdf},
location = {CTAN}
}

@article{tut:glossaries,
author = {Erik Wegner},
title = {Paket glossaries: Glossar und Symbolverzeichnis erstellen und Abkürzungen verwenden},
year = {2008},
journal={Erik Wegners Universelles Sammelsurium},
url = {http://ewus.de/tipp-1029.html}
}

